@book{bishop2006pattern,
  author={Bishop, Christopher M.},
  year={2006},
  title={Pattern Recognition and Machine Learning},
  series={Information Science and Statistics},
  publisher={Springer-Verlag, New York}
}

@article{catoni2007pac,
  author={Catoni, Olivier},
  year={2007},
  title={PAC-Bayesian supervised classification: the thermodynamics of statistical learning},
  journal={Institute of Mathematical Statistic},
  volume={56}
}

@book{shalev2014understanding,
  author={Shalev-Shwartz, Shai and Ben-David, Shai},
  year={2014},
  title={Understanding Machine Learning: From Theory to Algorithms},
  publisher={Cambridge University Press}
}

@article{ghahramani2015probabilistic,
  author={Ghahramani, Zoubin},
  year={2015},
  title={Probabilistic machine learning and artificial intelligence},
  journal={Nature},
  volume={521}
}

@inproceedings{germain2016pac,
  author={Germain, Pascal and Bach, Francis and Lacoste, Alexandre and Lacoste-Julien, Simon},
  year={2016},
  title={PAC-Bayesian theory meets Bayesian inference},
  booktitle={Advances in Neural Information Processing Systems},
}
