@article{donsker1975asymptotic,
  author={Monroe D. Donsker and S.R. Srinivasa Varadhan},
  year={1975},
  title={Asymptotic evaluation of certain Markov process expectations for large time},
  journal={Communications on Pure and Applied Mathematics},
  number={28}
}

@book{bishop2006pattern,
  author={Bishop, Christopher M.},
  year={2006},
  title={Pattern Recognition and Machine Learning},
  series={Information Science and Statistics},
  publisher={Springer-Verlag, New York}
}

@article{catoni2007pac,
  author={Catoni, Olivier},
  year={2007},
  title={PAC-Bayesian supervised classification: the thermodynamics of statistical learning},
  journal={Institute of Mathematical Statistic},
  volume={56}
}

@inproceedings{germain2009pac,
  author={Germain, Pascal and Lacasse, Alexandre and Laviolette, Francois and Marchand, Mario},
  year={2009},
  title={PAC-Bayesian learning of linear classifiers},
  booktitle={the 26th Annual International Conference}
}

@article{seldin2010pac,
  author={Seldin, Yevgeny and Tishby, Naftali},
  year={2010},
  title={PAC-Bayesian analysis of co-clustering and beyond},
  journal={Journal of Machine Learning Research},
  volume={11}
}

@inproceedings{seldin2011pac,
  author={Seldin, Yevgeny and Auer, Peter and Laviolette, Francois and Shawe-Taylor, John and Ortner, Ronald},
  year={2011},
  title={PAC-Bayesian analysis of contextual bandits},
  booktitle={Advances in Neural Information Processing Systems (NIPS)}
}

@book{scholkopf2013empirical,
  editor={Sch{\"o}lkopf, Bernhard and Luo, Zhiyuan and Vovk, Vladimir},
  year={2013},
  title={Empirical inference: Festschrift in honor of Vladimir N. Vapnik},
  publisher={Springer Science \& Business Media}
}

@inproceedings{begin2014pac,
  author={Begin, Luc and Germain, Pascal and Laviolette, Francois and Roy, Jean-Francis},
  year={2014},
  title={PAC-Bayesian Theory for Transductive Learning},
  booktitle={Artificial Intelligence and Statistics}
}

@book{shalev2014understanding,
  author={Shalev-Shwartz, Shai and Ben-David, Shai},
  year={2014},
  title={Understanding Machine Learning: From Theory to Algorithms},
  publisher={Cambridge University Press}
}

@article{ghahramani2015probabilistic,
  author={Ghahramani, Zoubin},
  year={2015},
  title={Probabilistic machine learning and artificial intelligence},
  journal={Nature},
  volume={521}
}

@article{germain2015risk,
  author={Germain, Pascal and Lacasse, Alexandre and Laviolette, Francois and Marchand, Mario and Roy, Jean-Francis},
  year={2015},
  title={Risk bounds for the majority vote: From a pac-bayesian analysis to a learning algorithm},
  journal={Journal of Machine Learning Research},
  volume={16},
  number={1}
}

@article{alquier2016properties,
  author={Pierre Alquier and James Ridgway and Nicolas Chopin},
  year={2016},
  title={On the properties of variational approximations of Gibbs posteriors},
  journal={Journal of Machine Learning Research},
  volume={17},
  number={239}
}

@inproceedings{germain2016pac,
  author={Germain, Pascal and Bach, Francis and Lacoste, Alexandre and Lacoste-Julien, Simon},
  year={2016},
  title={PAC-Bayesian theory meets Bayesian inference},
  booktitle={Advances in Neural Information Processing Systems},
}
